@inproceedings{Girard2004,
   author = {Girard, Anouck R and Howell, Adam S and Hedrick, J Karl},
   title = {Border patrol and surveillance missions using multiple unmanned air vehicles},
   booktitle = {Decision and Control, 2004. CDC. 43rd IEEE Conference on},
   publisher = {IEEE},
   volume = {1},
   pages = {620-625},
   ISBN = {0780386825},
   type = {Conference Proceedings}
}

@article{Qi2016,
   author = {Qi, Juntong and Song, Dalei and Shang, Hong and Wang, Nianfa and Hua, Chunsheng and Wu, Chong and Qi, Xin and Han, Jianda},
   title = {Search and Rescue Rotary‐Wing UAV and Its Application to the Lushan Ms 7.0 Earthquake},
   journal = {Journal of Field Robotics},
   volume = {33},
   number = {3},
   pages = {290-321},
   ISSN = {1556-4967},
   year = {2016},
   type = {Journal Article}
}

@inproceedings{Waslander2009,
   author = {Waslander, Steven L and Wang, Carlos},
   title = {Wind disturbance estimation and rejection for quadrotor position control},
   booktitle = {AIAA Infotech@ Aerospace Conference and AIAA Unmanned... Unlimited Conference, Seattle, WA},
   type = {Conference Proceedings}
}

@article{Pounds2012,
   author = {Pounds, Paul EI and Bersak, Daniel R and Dollar, Aaron M},
   title = {Stability of small-scale UAV helicopters and quadrotors with added payload mass under PID control},
   journal = {Autonomous Robots},
   volume = {33},
   number = {1-2},
   pages = {129-142},
   ISSN = {0929-5593},
   year = {2012},
   type = {Journal Article}
}

@inproceedings{He2007,
   author = {He, Yuqing and Han, Jianda},
   title = {Acceleration feedback enhanced H∞ disturbance attenuation control},
   booktitle = {Industrial Electronics Society, 2007. IECON 2007. 33rd Annual Conference of the IEEE},
   publisher = {IEEE},
   pages = {839-844},
   ISBN = {1424407834},
   type = {Conference Proceedings}
}

@inproceedings{Nicotra2014,
   author = {Nicotra, Marco M and Garone, Emanuele and Naldi, Roberto and Marconi, Lorenzo},
   title = {Nested saturation control of an uav carrying a suspended load},
   booktitle = {American Control Conference (ACC), 2014},
   publisher = {IEEE},
   pages = {3585-3590},
   ISBN = {1479932744},
   type = {Conference Proceedings}
}

@inproceedings{Madani2006,
   author = {Madani, Tarek and Benallegue, Abdelaziz},
   title = {Backstepping control for a quadrotor helicopter},
   booktitle = {Intelligent Robots and Systems, 2006 IEEE/RSJ International Conference on},
   publisher = {IEEE},
   pages = {3255-3260},
   ISBN = {1424402581},
   type = {Conference Proceedings}
}

@article{He2010,
   author = {He, Y. Q. and Han, J. D.},
   title = {Acceleration-Feedback-Enhanced Robust Control of an Unmanned Helicopter},
   journal = {Journal of Guidance, Control, and Dynamics},
   volume = {33},
   number = {4},
   pages = {1236-1250},
   ISSN = {0731-5090
1533-3884},
   DOI = {10.2514/1.45659},
   year = {2010},
   type = {Journal Article}
}

@article{Su2016,
   author = {Su, Jinya and Chen, Wen-Hua and Yang, Jun},
   title = {On relationship between time-domain and frequency-domain disturbance observers and its applications},
   journal = {Journal of Dynamic Systems, Measurement, and Control},
   volume = {138},
   number = {9},
   pages = {091013},
   ISSN = {0022-0434},
   year = {2016},
   type = {Journal Article}
}

@article{Han2009,
   author = {Han, Jingqing},
   title = {From PID to active disturbance rejection control},
   journal = {IEEE transactions on Industrial Electronics},
   volume = {56},
   number = {3},
   pages = {900-906},
   ISSN = {0278-0046},
   year = {2009},
   type = {Journal Article}
}

@article{Ohishi1987,
   author = {Ohishi, Kiyoshi and Nakao, Masato and Ohnishi, Kouhei and Miyachi, Kunio},
   title = {Microprocessor-controlled DC motor for load-insensitive position servo system},
   journal = {IEEE Transactions on Industrial Electronics},
   number = {1},
   pages = {44-49},
   ISSN = {0278-0046},
   year = {1987},
   type = {Journal Article}
}

@inproceedings{Tomic2014,
   author = {Tomic, Teodor},
   title = {Evaluation of acceleration-based disturbance observation for multicopter control},
   booktitle = {Control Conference (ECC), 2014 European},
   publisher = {IEEE},
   pages = {2937-2944},
   ISBN = {3952426911},
   type = {Conference Proceedings}
}

@inproceedings{Studenny1984,
   author = {Studenny, John and Belanger, Pierre R},
   title = {Robot manipulator control by acceleration feedback},
   booktitle = {Decision and Control, 1984. The 23rd IEEE Conference on},
   publisher = {IEEE},
   volume = {23},
   pages = {1070-1072},
   type = {Conference Proceedings}
}

@article{Xu2000,
   author = {Xu, WL and Han, JD and Tso, SK},
   title = {Experimental study of contact transition control incorporating joint acceleration feedback},
   journal = {IEEE/ASME transactions on mechatronics},
   volume = {5},
   number = {3},
   pages = {292-301},
   ISSN = {1083-4435},
   year = {2000},
   type = {Journal Article}
}

@inproceedings{Han2000,
   author = {Han, JD and Wang, YC and Tan, DL and Xu, WL},
   title = {Acceleration feedback control for direct-drive motor system},
   booktitle = {Intelligent Robots and Systems, 2000.(IROS 2000). Proceedings. 2000 IEEE/RSJ International Conference on},
   publisher = {IEEE},
   volume = {2},
   pages = {1068-1074},
   ISBN = {0780363485},
   type = {Conference Proceedings}
}

@article{Escareno2013,
   author = {Escareño, Juan and Salazar, Sergio and Romero, Hugo and Lozano, Rogelio},
   title = {Trajectory control of a quadrotor subject to 2D wind disturbances},
   journal = {Journal of Intelligent \& Robotic Systems},
   volume = {70},
   number = {1-4},
   pages = {51-63},
   ISSN = {0921-0296},
   year = {2013},
   type = {Journal Article}
}

@inproceedings{Lee2016,
   author = {Lee, Seung Jae and Kim, Suseong and Johansson, Karl Henrik and Kim, H Jin},
   title = {Robust acceleration control of a hexarotor UAV with a disturbance observer},
   booktitle = {Decision and Control (CDC), 2016 IEEE 55th Conference on},
   publisher = {IEEE},
   pages = {4166-4171},
   ISBN = {1509018379},
   type = {Conference Proceedings}
}

@article{Cabecinhas2015,
   author = {Cabecinhas, David and Cunha, Rita and Silvestre, Carlos},
   title = {A globally stabilizing path following controller for rotorcraft with wind disturbance rejection},
   journal = {IEEE Transactions on Control Systems Technology},
   volume = {23},
   number = {2},
   pages = {708-714},
   ISSN = {1063-6536},
   year = {2015},
   type = {Journal Article}
}

@article{Leonard2012,
   author = {Léonard, François and Martini, Adnan and Abba, Gabriel},
   title = {Robust nonlinear controls of model-scale helicopters under lateral and vertical wind gusts},
   journal = {IEEE Transactions on Control Systems Technology},
   volume = {20},
   number = {1},
   pages = {154-163},
   ISSN = {1063-6536},
   year = {2012},
   type = {Journal Article}
}

@article{Soule1934,
   author = {Soule, Hartley A and Miller, Marvel P},
   title = {The experimental determination of the moments of inertia of airplanes},
   journal = {Technical Report Archive \& Image Library},
   year = {1934},
   type = {Journal Article}
}

@inproceedings{Lee2010,
   author = {Lee, Taeyoung and Leoky, Melvin and McClamroch, N Harris},
   title = {Geometric tracking control of a quadrotor UAV on SE (3)},
   booktitle = {Decision and Control (CDC), 2010 49th IEEE Conference on},
   publisher = {IEEE},
   pages = {5420-5425},
   ISBN = {1424477468},
   type = {Conference Proceedings}
}